@article{Fukuda:1998mi,
      author         = "Fukuda, Y. and others",
      title          = "{Evidence for oscillation of atmospheric neutrinos}",
      collaboration  = "Super-Kamiokande",
      journal        = "Phys. Rev. Lett.",
      volume         = "81",
      year           = "1998",
      pages          = "1562-1567",
      doi            = "10.1103/PhysRevLett.81.1562",
      eprint         = "hep-ex/9807003",
      archivePrefix  = "arXiv",
      primaryClass   = "hep-ex",
      reportNumber   = "BU-98-17, ICRR-REPORT-422-98-18, UCI-98-8,
                        KEK-PREPRINT-98-95, LSU-HEPA-5-98, UMD-98-003, SBHEP-98-5,
                        TKU-PAP-98-06, TIT-HPE-98-09",
      SLACcitation   = "%%CITATION = HEP-EX/9807003;%%"
}
@book{wald1943:tests,
  title="Tests of Statistical Hypotheses Concerning Several Parameters when the Number of Observations is Large",
  author="Wald, A.",
  url="https://books.google.ch/books?id=jZBDnQEACAAJ",
  year="1943",
  publisher="American Mathematical Society"
}

@inproceedings{Conway:2011in,
      author         = "Conway, J. S.",
      title          = "{Incorporating Nuisance Parameters in Likelihoods for
                        Multisource Spectra}",
      booktitle      = "{Proceedings, PHYSTAT 2011 Workshop on Statistical Issues
                        Related to Discovery Claims in Search Experiments and
                        Unfolding, CERN,Geneva, Switzerland 17-20 January 2011}",
      url            = "https://inspirehep.net/record/891252/files/arXiv:1103.0354.pdf",
      year           = "2011",
      eprint         = "1103.0354",
      archivePrefix  = "arXiv",
      primaryClass   = "physics.data-an",
      SLACcitation   = "%%CITATION = ARXIV:1103.0354;%%"
}

@book{BevingtonRobinson:200207, 
	title={Data Reduction and Error Analysis for the Physical Sciences},
	author={Philip Bevington and D. Keith Robinson},
	publisher={McGraw-Hill Education},
	year={2002},
	month={7},
	edition={3rd},
	isbn={9780072472271},
	url={http://amazon.com/o/ASIN/0072472278/},
	totalpages={336},
	timestamp={2016.05.19},
}

@article{Read:451614,
      author        = "Read, A L",
      title         = "{Modified frequentist analysis of search results (the
                       $CL_{s}$ method)}",
      number        = "CERN-OPEN-2000-205",
      year          = "2000",
      reportNumber  = "CERN-OPEN-2000-205",
      url           = "https://cds.cern.ch/record/451614",
}