@book{BevingtonRobinson200207, 
	title={Data Reduction and Error Analysis for the Physical Sciences},
	author={Philip Bevington and D. Keith Robinson},
	publisher={McGraw-Hill Education},
	year={2002},
	month={7},
	edition={3rd},
	isbn={9780072472271},
	url={http://amazon.com/o/ASIN/0072472278/},
	totalpages={336},
	timestamp={2016.05.19},
}