@article{Khachatryan:2014gga,
      author         = "Khachatryan, Vardan and others",
      title          = "{Performance of the CMS missing transverse momentum
                        reconstruction in pp data at $\sqrt{s}$ = 8 TeV}",
      collaboration  = "CMS",
      journal        = "JINST",
      volume         = "10",
      year           = "2015",
      number         = "02",
      pages          = "P02006",
      doi            = "10.1088/1748-0221/10/02/P02006",
      eprint         = "1411.0511",
      archivePrefix  = "arXiv",
      primaryClass   = "physics.ins-det",
      reportNumber   = "CMS-JME-13-003, CERN-PH-EP-2014-246",
      SLACcitation   = "%%CITATION = ARXIV:1411.0511;%%"
}
@article{1748-0221-7-01-P01001,
  author={CMS Collaboration},
  title={Performance of τ-lepton reconstruction and identification in CMS},
  journal={Journal of Instrumentation},
  volume={7},
  number={01},
  pages={P01001},
  url={http://stacks.iop.org/1748-0221/7/i=01/a=P01001},
  year={2012},
}
	
@techreport{Kirschenmann:1627818,
      author        = "Kirschenmann, Henning",
      title         = "{Jet performance in CMS}",
      institution   = "CERN",
      collaboration = "CMS Collaboration",
      address       = "Geneva",
      number        = "CMS-CR-2013-325",
      month         = "Oct",
      year          = "2013",
      reportNumber  = "CMS-CR-2013-325",
      url           = "http://cds.cern.ch/record/1627818",
}
@article{Cacciari:2008gp,
      author         = "Cacciari, Matteo and Salam, Gavin P. and Soyez, Gregory",
      title          = "{The Anti-k(t) jet clustering algorithm}",
      journal        = "JHEP",
      volume         = "04",
      year           = "2008",
      pages          = "063",
      doi            = "10.1088/1126-6708/2008/04/063",
      eprint         = "0802.1189",
      archivePrefix  = "arXiv",
      primaryClass   = "hep-ph",
      reportNumber   = "LPTHE-07-03",
      SLACcitation   = "%%CITATION = ARXIV:0802.1189;%%"
}
@article{Chatrchyan:2013sba,
      author         = "Chatrchyan, Serguei and others",
      title          = "{The performance of the CMS muon detector in
                        proton-proton collisions at sqrt(s) = 7 TeV at the LHC}",
      collaboration  = "CMS",
      journal        = "JINST",
      volume         = "8",
      year           = "2013",
      pages          = "P11002",
      doi            = "10.1088/1748-0221/8/11/P11002",
      eprint         = "1306.6905",
      archivePrefix  = "arXiv",
      primaryClass   = "physics.ins-det",
      reportNumber   = "CMS-MUO-11-001, CERN-PH-EP-2013-072",
      SLACcitation   = "%%CITATION = ARXIV:1306.6905;%%"
}
@article{Khachatryan:2015hwa,
      author         = "Khachatryan, Vardan and others",
      title          = "{Performance of Electron Reconstruction and Selection
                        with the CMS Detector in Proton-Proton Collisions at
                        √s = 8  TeV}",
      collaboration  = "CMS",
      journal        = "JINST",
      volume         = "10",
      year           = "2015",
      number         = "06",
      pages          = "P06005",
      doi            = "10.1088/1748-0221/10/06/P06005",
      eprint         = "1502.02701",
      archivePrefix  = "arXiv",
      primaryClass   = "physics.ins-det",
      reportNumber   = "CMS-EGM-13-001, CERN-PH-EP-2015-004",
      SLACcitation   = "%%CITATION = ARXIV:1502.02701;%%"
}
@article{Hocker:2007ht,
      author         = "Hocker, Andreas and others",
      title          = "{TMVA - Toolkit for Multivariate Data Analysis}",
      booktitle      = "{Proceedings, 11th International Workshop on Advanced
                        computing and analysis techniques in physics research
                        (ACAT 2007)}",
      journal        = "PoS",
      volume         = "ACAT",
      year           = "2007",
      pages          = "040",
      eprint         = "physics/0703039",
      archivePrefix  = "arXiv",
      primaryClass   = "PHYSICS",
      reportNumber   = "CERN-OPEN-2007-007",
      SLACcitation   = "%%CITATION = PHYSICS/0703039;%%"
}
@techreport{Adam:815410,
      author        = "Adam, Wolfgang and Frühwirth, R and Strandlie, Are and
                       Todor, T",
      title         = "{Reconstruction of Electrons with the Gaussian-Sum Filter
                       in the CMS Tracker at the LHC}",
      institution   = "CERN",
      address       = "Geneva",
      number        = "CMS-NOTE-2005-001",
      month         = "Jan",
      year          = "2005",
      reportNumber  = "CMS-NOTE-2005-001",
      url           = "https://cds.cern.ch/record/815410",
}
@book{griffiths1999introduction,
  title={Introduction to Electrodynamics},
  author={Griffiths, D.J.},
  isbn={9780138053260},
  lccn={98050525},
  url={https://books.google.ch/books?id=M8XvAAAAMAAJ},
  year={1999},
  publisher={Prentice Hall}
}
@article{Fruhwirth:1987fm,
      author         = "Fruhwirth, R.",
      title          = "{Application of Kalman filtering to track and vertex
                        fitting}",
      journal        = "Nucl. Instrum. Meth.",
      volume         = "A262",
      year           = "1987",
      pages          = "444-450",
      doi            = "10.1016/0168-9002(87)90887-4",
      reportNumber   = "HEPHY-PUB-87-503",
      SLACcitation   = "%%CITATION = NUIMA,A262,444;%%"
}
@article{Chatrchyan:2014fea,
      author         = "Chatrchyan, Serguei and others",
      title          = "{Description and performance of track and primary-vertex
                        reconstruction with the CMS tracker}",
      collaboration  = "CMS",
      journal        = "JINST",
      volume         = "9",
      year           = "2014",
      number         = "10",
      pages          = "P10009",
      doi            = "10.1088/1748-0221/9/10/P10009",
      eprint         = "1405.6569",
      archivePrefix  = "arXiv",
      primaryClass   = "physics.ins-det",
      reportNumber   = "CMS-TRK-11-001, CERN-PH-EP-2014-070",
      SLACcitation   = "%%CITATION = ARXIV:1405.6569;%%"
}

@article{D'Agostini1995487,
title = "A multidimensional unfolding method based on Bayes' theorem ",
journal = "Nuclear Instruments and Methods in Physics Research Section A: Accelerators, Spectrometers, Detectors and Associated Equipment ",
volume = "362",
number = "2–3",
pages = "487 - 498",
year = "1995",
note = "",
issn = "0168-9002",
doi = "http://dx.doi.org/10.1016/0168-9002(95)00274-X",
url = "http://www.sciencedirect.com/science/article/pii/016890029500274X",
author = "G. D'Agostini"
}
@article{Agashe:2014kda,
      author         = "Olive, K. A. and others",
      title          = "{Review of Particle Physics}",
      collaboration  = "Particle Data Group",
      journal        = "Chin. Phys.",
      volume         = "C38",
      year           = "2014",
      pages          = "090001",
      doi            = "10.1088/1674-1137/38/9/090001",
      SLACcitation   = "%%CITATION = CHPHD,C38,090001;%%"
}
@article{Alwall:2014hca,
      author         = "Alwall, J. and Frederix, R. and Frixione, S. and Hirschi,
                        V. and Maltoni, F. and Mattelaer, O. and Shao, H. -S. and
                        Stelzer, T. and Torrielli, P. and Zaro, M.",
      title          = "{The automated computation of tree-level and
                        next-to-leading order differential cross sections, and
                        their matching to parton shower simulations}",
      journal        = "JHEP",
      volume         = "07",
      year           = "2014",
      pages          = "079",
      doi            = "10.1007/JHEP07(2014)079",
      eprint         = "1405.0301",
      archivePrefix  = "arXiv",
      primaryClass   = "hep-ph",
      reportNumber   = "CERN-PH-TH-2014-064, CP3-14-18, LPN14-066, MCNET-14-09,
                        ZU-TH-14-14",
      SLACcitation   = "%%CITATION = ARXIV:1405.0301;%%"
}
@article{Nason:2004rx,
      author         = "Nason, Paolo",
      title          = "{A New method for combining NLO QCD with shower Monte
                        Carlo algorithms}",
      journal        = "JHEP",
      volume         = "11",
      year           = "2004",
      pages          = "040",
      doi            = "10.1088/1126-6708/2004/11/040",
      eprint         = "hep-ph/0409146",
      archivePrefix  = "arXiv",
      primaryClass   = "hep-ph",
      reportNumber   = "BICOCCA-FT-04-11",
      SLACcitation   = "%%CITATION = HEP-PH/0409146;%%"
}
@article{Frixione:2007vw,
      author         = "Frixione, Stefano and Nason, Paolo and Oleari, Carlo",
      title          = "{Matching NLO QCD computations with Parton Shower
                        simulations: the POWHEG method}",
      journal        = "JHEP",
      volume         = "11",
      year           = "2007",
      pages          = "070",
      doi            = "10.1088/1126-6708/2007/11/070",
      eprint         = "0709.2092",
      archivePrefix  = "arXiv",
      primaryClass   = "hep-ph",
      reportNumber   = "BICOCCA-FT-07-9, GEF-TH-21-2007",
      SLACcitation   = "%%CITATION = ARXIV:0709.2092;%%"
}
@article{Alioli:2010xd,
      author         = "Alioli, Simone and Nason, Paolo and Oleari, Carlo and Re,
                        Emanuele",
      title          = "{A general framework for implementing NLO calculations in
                        shower Monte Carlo programs: the POWHEG BOX}",
      journal        = "JHEP",
      volume         = "06",
      year           = "2010",
      pages          = "043",
      doi            = "10.1007/JHEP06(2010)043",
      eprint         = "1002.2581",
      archivePrefix  = "arXiv",
      primaryClass   = "hep-ph",
      reportNumber   = "DESY-10-018, SFB-CPP-10-22, IPPP-10-11, DCPT-10-22",
      SLACcitation   = "%%CITATION = ARXIV:1002.2581;%%"
}
@article{Sjostrand:2014zea,
      author         = "Sjöstrand, Torbjörn and Ask, Stefan and Christiansen,
                        Jesper R. and Corke, Richard and Desai, Nishita and Ilten,
                        Philip and Mrenna, Stephen and Prestel, Stefan and
                        Rasmussen, Christine O. and Skands, Peter Z.",
      title          = "{An Introduction to PYTHIA 8.2}",
      journal        = "Comput. Phys. Commun.",
      volume         = "191",
      year           = "2015",
      pages          = "159-177",
      doi            = "10.1016/j.cpc.2015.01.024",
      eprint         = "1410.3012",
      archivePrefix  = "arXiv",
      primaryClass   = "hep-ph",
      reportNumber   = "LU-TP-14-36, MCNET-14-22, CERN-PH-TH-2014-190,
                        FERMILAB-PUB-14-316-CD, DESY-14-178, SLAC-PUB-16122",
      SLACcitation   = "%%CITATION = ARXIV:1410.3012;%%"
}
@article{Was:2011tv,
      author         = "Was, Zbigniew",
      title          = "{TAUOLA for simulation of tau decay and production:
                        perspectives for precision low energy and LHC
                        applications}",
      booktitle      = "{Tau lepton physics. Proceedings, 11th International
                        Workshop, TAU 2010, Manchester, UK, September 13-17,
                        2010}",
      journal        = "Nucl. Phys. Proc. Suppl.",
      volume         = "218",
      year           = "2011",
      pages          = "249-255",
      doi            = "10.1016/j.nuclphysbps.2011.06.040",
      eprint         = "1101.1652",
      archivePrefix  = "arXiv",
      primaryClass   = "hep-ph",
      reportNumber   = "IFJPAN-IV-2011-1",
      SLACcitation   = "%%CITATION = ARXIV:1101.1652;%%"
}
@article{Allison:2006ve,
      author         = "Allison, John and others",
      title          = "{Geant4 developments and applications}",
      journal        = "IEEE Trans. Nucl. Sci.",
      volume         = "53",
      year           = "2006",
      pages          = "270",
      doi            = "10.1109/TNS.2006.869826",
      reportNumber   = "SLAC-PUB-11870",
      SLACcitation   = "%%CITATION = IETNA,53,270;%%"
}

@article{Randall:1999ee,
      author         = "Randall, Lisa and Sundrum, Raman",
      title          = "{A Large mass hierarchy from a small extra dimension}",
      journal        = "Phys. Rev. Lett.",
      volume         = "83",
      year           = "1999",
      pages          = "3370-3373",
      doi            = "10.1103/PhysRevLett.83.3370",
      eprint         = "hep-ph/9905221",
      archivePrefix  = "arXiv",
      primaryClass   = "hep-ph",
      reportNumber   = "MIT-CTP-2860, PUPT-1860, BUHEP-99-9",
      SLACcitation   = "%%CITATION = HEP-PH/9905221;%%"
}

@article{Fukuda:1998mi,
      author         = "Fukuda, Y. and others",
      title          = "{Evidence for oscillation of atmospheric neutrinos}",
      collaboration  = "Super-Kamiokande",
      journal        = "Phys. Rev. Lett.",
      volume         = "81",
      year           = "1998",
      pages          = "1562-1567",
      doi            = "10.1103/PhysRevLett.81.1562",
      eprint         = "hep-ex/9807003",
      archivePrefix  = "arXiv",
      primaryClass   = "hep-ex",
      reportNumber   = "BU-98-17, ICRR-REPORT-422-98-18, UCI-98-8,
                        KEK-PREPRINT-98-95, LSU-HEPA-5-98, UMD-98-003, SBHEP-98-5,
                        TKU-PAP-98-06, TIT-HPE-98-09",
      SLACcitation   = "%%CITATION = HEP-EX/9807003;%%"
}

@article{Ahmad:2001an,
      author         = "Ahmad, Q. R. and others",
      title          = "{Measurement of the rate of $\nu_e+d \to p+p+e^-$
                        interactions produced by $^8B$ solar neutrinos at the
                        Sudbury Neutrino Observatory}",
      collaboration  = "SNO",
      journal        = "Phys. Rev. Lett.",
      volume         = "87",
      year           = "2001",
      pages          = "071301",
      doi            = "10.1103/PhysRevLett.87.071301",
      eprint         = "nucl-ex/0106015",
      archivePrefix  = "arXiv",
      primaryClass   = "nucl-ex",
      reportNumber   = "UPR-0240E",
      SLACcitation   = "%%CITATION = NUCL-EX/0106015;%%"
}

@article{Ahmad:2002jz,
      author         = "Ahmad, Q. R. and others",
      title          = "{Direct evidence for neutrino flavor transformation from
                        neutral current interactions in the Sudbury Neutrino
                        Observatory}",
      collaboration  = "SNO",
      journal        = "Phys. Rev. Lett.",
      volume         = "89",
      year           = "2002",
      pages          = "011301",
      doi            = "10.1103/PhysRevLett.89.011301",
      eprint         = "nucl-ex/0204008",
      archivePrefix  = "arXiv",
      primaryClass   = "nucl-ex",
      SLACcitation   = "%%CITATION = NUCL-EX/0204008;%%"
}

@Article{Halzen:1984mc,
 author        = "F. Halzen and Alan D. Martin",
 title         = "QUARKS AND LEPTONS: AN INTRODUCTORY COURSE IN MODERN PARTICLE PHYSICS",
 year          = "1984",
 note          = "New York, Usa: Wiley ( 1984) 396p",
}

@book{Barger:0201058766,
  added-at = {2009-01-13T13:43:30.000+0100},
  asin = {0201058766},
  author = {Barger, Vernon D. and Phillips, Roger J. N.},
  biburl = {http://www.bibsonomy.org/bibtex/27306876b08b67d4006b21911db19f0e9/clange},
  description = {Collider Physics (Frontiers in Physics): Vernon D. Barger, Roger J. N. Phillips},
  dewey = {539.72},
  ean = {9780201058765},
  interhash = {837e77b7016a906df3fe74f19003b86b},
  intrahash = {7306876b08b67d4006b21911db19f0e9},
  isbn = {0201058766},
  keywords = {imported textbook},
  publisher = {Addison Wesley Publishing Company},
  timestamp = {2009-01-13T13:45:47.000+0100},
  title = {Collider Physics (Frontiers in Physics)},
  year = 1987
}

@article{ArkaniHamed:1998rs,
      author         = "Arkani-Hamed, Nima and Dimopoulos, Savas and Dvali, G.
                        R.",
      title          = "{The Hierarchy problem and new dimensions at a
                        millimeter}",
      journal        = "Phys. Lett.",
      volume         = "B429",
      year           = "1998",
      pages          = "263-272",
      doi            = "10.1016/S0370-2693(98)00466-3",
      eprint         = "hep-ph/9803315",
      archivePrefix  = "arXiv",
      primaryClass   = "hep-ph",
      reportNumber   = "SLAC-PUB-7769, SU-ITP-98-13",
      SLACcitation   = "%%CITATION = HEP-PH/9803315;%%"
}

@article{Branco:2011iw,
      author         = "Branco, G. C. and Ferreira, P. M. and Lavoura, L. and
                        Rebelo, M. N. and Sher, Marc and Silva, Joao P.",
      title          = "{Theory and phenomenology of two-Higgs-doublet models}",
      journal        = "Phys. Rept.",
      volume         = "516",
      year           = "2012",
      pages          = "1-102",
      doi            = "10.1016/j.physrep.2012.02.002",
      eprint         = "1106.0034",
      archivePrefix  = "arXiv",
      primaryClass   = "hep-ph",
      SLACcitation   = "%%CITATION = ARXIV:1106.0034;%%"
}

@article{Harnik:2012pb,
      author         = "Harnik, Roni and Kopp, Joachim and Zupan, Jure",
      title          = "{Flavor Violating Higgs Decays}",
      journal        = "JHEP",
      volume         = "03",
      year           = "2013",
      pages          = "026",
      doi            = "10.1007/JHEP03(2013)026",
      eprint         = "1209.1397",
      archivePrefix  = "arXiv",
      primaryClass   = "hep-ph",
      reportNumber   = "FERMILAB-PUB-12-498-T",
      SLACcitation   = "%%CITATION = ARXIV:1209.1397;%%"
}

@article{Cowan:2010js,
      author         = "Cowan, Glen and Cranmer, Kyle and Gross, Eilam and
                        Vitells, Ofer",
      title          = "{Asymptotic formulae for likelihood-based tests of new
                        physics}",
      journal        = "Eur. Phys. J.",
      volume         = "C71",
      year           = "2011",
      pages          = "1554",
      doi            = "10.1140/epjc/s10052-011-1554-0,
                        10.1140/epjc/s10052-013-2501-z",
      note           = "[Erratum: Eur. Phys. J.C73,2501(2013)]",
      eprint         = "1007.1727",
      archivePrefix  = "arXiv",
      primaryClass   = "physics.data-an",
      SLACcitation   = "%%CITATION = ARXIV:1007.1727;%%"
}

@book{wald1943tests,
  title="Tests of Statistical Hypotheses Concerning Several Parameters when the Number of Observations is Large",
  author="Wald, A.",
  url="https://books.google.ch/books?id=jZBDnQEACAAJ",
  year="1943",
  publisher="American Mathematical Society"
}

@inproceedings{Conway:2011in,
      author         = "Conway, J. S.",
      title          = "{Incorporating Nuisance Parameters in Likelihoods for
                        Multisource Spectra}",
      booktitle      = "{Proceedings, PHYSTAT 2011 Workshop on Statistical Issues
                        Related to Discovery Claims in Search Experiments and
                        Unfolding, CERN,Geneva, Switzerland 17-20 January 2011}",
      url            = "https://inspirehep.net/record/891252/files/arXiv:1103.0354.pdf",
      year           = "2011",
      eprint         = "1103.0354",
      archivePrefix  = "arXiv",
      primaryClass   = "physics.data-an",
      SLACcitation   = "%%CITATION = ARXIV:1103.0354;%%"
}

@book{BevingtonRobinson200207, 
	title={Data Reduction and Error Analysis for the Physical Sciences},
	author={Philip Bevington and D. Keith Robinson},
	publisher={McGraw-Hill Education},
	year={2002},
	month={7},
	edition={3rd},
	isbn={9780072472271},
	url={http://amazon.com/o/ASIN/0072472278/},
	totalpages={336},
	timestamp={2016.05.19},
}

@article{Read:451614,
      author        = "Read, A L",
      title         = "{Modified frequentist analysis of search results (the
                       $CL_{s}$ method)}",
      number        = "CERN-OPEN-2000-205",
      year          = "2000",
      reportNumber  = "CERN-OPEN-2000-205",
      url           = "https://cds.cern.ch/record/451614",
}
@article{Khachatryan:2014uva,
      author         = "Khachatryan, Vardan and others",
      title          = "{Differential cross section measurements for the
                        production of a W boson in association with jets in
                        proton–proton collisions at $\sqrt s=7$ TeV}",
      collaboration  = "CMS",
      journal        = "Phys. Lett.",
      volume         = "B741",
      year           = "2015",
      pages          = "12-37",
      doi            = "10.1016/j.physletb.2014.12.003",
      eprint         = "1406.7533",
      archivePrefix  = "arXiv",
      primaryClass   = "hep-ex",
      reportNumber   = "CMS-SMP-12-023, CERN-PH-EP-2014-134",
      SLACcitation   = "%%CITATION = ARXIV:1406.7533;%%"
}
@article{Chatrchyan:2012xdj,
      author         = "Chatrchyan, Serguei and others",
      title          = "{Observation of a new boson at a mass of 125 GeV with the
                        CMS experiment at the LHC}",
      collaboration  = "CMS",
      journal        = "Phys. Lett.",
      volume         = "B716",
      year           = "2012",
      pages          = "30-61",
      doi            = "10.1016/j.physletb.2012.08.021",
      eprint         = "1207.7235",
      archivePrefix  = "arXiv",
      primaryClass   = "hep-ex",
      reportNumber   = "CMS-HIG-12-028, CERN-PH-EP-2012-220",
      SLACcitation   = "%%CITATION = ARXIV:1207.7235;%%"
}
@article{Bennett:2004pv,
      author         = "Bennett, G. W. and others",
      title          = "{Measurement of the negative muon anomalous magnetic
                        moment to 0.7 ppm}",
      collaboration  = "Muon g-2",
      journal        = "Phys. Rev. Lett.",
      volume         = "92",
      year           = "2004",
      pages          = "161802",
      doi            = "10.1103/PhysRevLett.92.161802",
      eprint         = "hep-ex/0401008",
      archivePrefix  = "arXiv",
      primaryClass   = "hep-ex",
      SLACcitation   = "%%CITATION = HEP-EX/0401008;%%"
}
@article{Heinemeyer:2013tqa,
      author         = "Andersen, J R and others",
      editor         = "Heinemeyer, S and Mariotti, C and Passarino, G and
                        Tanaka, R",
      title          = "{Handbook of LHC Higgs Cross Sections: 3. Higgs
                        Properties}",
      collaboration  = "LHC Higgs Cross Section Working Group",
      doi            = "10.5170/CERN-2013-004",
      year           = "2013",
      eprint         = "1307.1347",
      archivePrefix  = "arXiv",
      primaryClass   = "hep-ph",
      reportNumber   = "CERN-2013-004, FERMILAB-CONF-13-667-T",
      SLACcitation   = "%%CITATION = ARXIV:1307.1347;%%"
}
@article{Dittmaier:2011ti,
      author         = "Dittmaier, S. and others",
      title          = "{Handbook of LHC Higgs Cross Sections: 1. Inclusive
                        Observables}",
      collaboration  = "LHC Higgs Cross Section Working Group",
      doi            = "10.5170/CERN-2011-002",
      year           = "2011",
      eprint         = "1101.0593",
      archivePrefix  = "arXiv",
      primaryClass   = "hep-ph",
      reportNumber   = "CERN-2011-002",
      SLACcitation   = "%%CITATION = ARXIV:1101.0593;%%"
}

@article{Pumplin:2002vw,
      author         = "Pumplin, J. and Stump, D. R. and Huston, J. and Lai, H.
                        L. and Nadolsky, Pavel M. and Tung, W. K.",
      title          = "{New generation of parton distributions with
                        uncertainties from global QCD analysis}",
      journal        = "JHEP",
      volume         = "07",
      year           = "2002",
      pages          = "012",
      doi            = "10.1088/1126-6708/2002/07/012",
      eprint         = "hep-ph/0201195",
      archivePrefix  = "arXiv",
      primaryClass   = "hep-ph",
      reportNumber   = "MSU-HEP-011101",
      SLACcitation   = "%%CITATION = HEP-PH/0201195;%%"
}
@article{Campbell:1999ah,
      author         = "Campbell, John M. and Ellis, R. Keith",
      title          = "{An Update on vector boson pair production at hadron
                        colliders}",
      journal        = "Phys. Rev.",
      volume         = "D60",
      year           = "1999",
      pages          = "113006",
      doi            = "10.1103/PhysRevD.60.113006",
      eprint         = "hep-ph/9905386",
      archivePrefix  = "arXiv",
      primaryClass   = "hep-ph",
      reportNumber   = "FERMILAB-PUB-99-146-T",
      SLACcitation   = "%%CITATION = HEP-PH/9905386;%%"
}
@article{Campbell:2011bn,
      author         = "Campbell, John M. and Ellis, R. Keith and Williams,
                        Ciaran",
      title          = "{Vector boson pair production at the LHC}",
      journal        = "JHEP",
      volume         = "07",
      year           = "2011",
      pages          = "018",
      doi            = "10.1007/JHEP07(2011)018",
      eprint         = "1105.0020",
      archivePrefix  = "arXiv",
      primaryClass   = "hep-ph",
      reportNumber   = "FERMILAB-PUB-11-182-T",
      SLACcitation   = "%%CITATION = ARXIV:1105.0020;%%"
}
@article{Campbell:2015qma,
      author         = "Campbell, John M. and Ellis, R. Keith and Giele, Walter
                        T.",
      title          = "{A Multi-Threaded Version of MCFM}",
      journal        = "Eur. Phys. J.",
      volume         = "C75",
      year           = "2015",
      number         = "6",
      pages          = "246",
      doi            = "10.1140/epjc/s10052-015-3461-2",
      eprint         = "1503.06182",
      archivePrefix  = "arXiv",
      primaryClass   = "physics.comp-ph",
      reportNumber   = "FERMILAB-PUB-15-043-T",
      SLACcitation   = "%%CITATION = ARXIV:1503.06182;%%"
}
@article{Khachatryan:2015hwa,
      author         = "Khachatryan, Vardan and others",
      title          = "{Performance of Electron Reconstruction and Selection
                        with the CMS Detector in Proton-Proton Collisions at
                        √s = 8  TeV}",
      collaboration  = "CMS",
      journal        = "JINST",
      volume         = "10",
      year           = "2015",
      number         = "06",
      pages          = "P06005",
      doi            = "10.1088/1748-0221/10/06/P06005",
      eprint         = "1502.02701",
      archivePrefix  = "arXiv",
      primaryClass   = "physics.ins-det",
      reportNumber   = "CMS-EGM-13-001, CERN-PH-EP-2015-004",
      SLACcitation   = "%%CITATION = ARXIV:1502.02701;%%"
}
@techreport{CMS-PAS-PFT-10-002,
      title         = "{Commissioning of the Particle-Flow reconstruction in
                       Minimum-Bias and Jet Events from pp Collisions at 7 TeV}",
      institution   = "CERN",
      collaboration = "CMS Collaboration",
      address       = "Geneva",
      number        = "CMS-PAS-PFT-10-002",
      year          = "2010",
      reportNumber  = "CMS-PAS-PFT-10-002",
      url           = "http://cds.cern.ch/record/1279341",
}
@article{Cacciari:2011ma,
      author         = "Cacciari, Matteo and Salam, Gavin P. and Soyez, Gregory",
      title          = "{FastJet User Manual}",
      journal        = "Eur. Phys. J.",
      volume         = "C72",
      year           = "2012",
      pages          = "1896",
      doi            = "10.1140/epjc/s10052-012-1896-2",
      eprint         = "1111.6097",
      archivePrefix  = "arXiv",
      primaryClass   = "hep-ph",
      reportNumber   = "CERN-PH-TH-2011-297",
      SLACcitation   = "%%CITATION = ARXIV:1111.6097;%%"
}
@techreport{CMS-PAS-JME-13-005,
      title         = "{Pileup Jet Identification}",
      institution   = "CERN",
      collaboration = "CMS Collaboration",
      address       = "Geneva",
      number        = "CMS-PAS-JME-13-005",
      year          = "2013",
      reportNumber  = "CMS-PAS-JME-13-005",
      url           = "https://cds.cern.ch/record/1581583",
}

@article{Chatrchyan:2012jua,
      author         = "Chatrchyan, Serguei and others",
      title          = "{Identification of b-quark jets with the CMS experiment}",
      collaboration  = "CMS",
      journal        = "JINST",
      volume         = "8",
      year           = "2013",
      pages          = "P04013",
      doi            = "10.1088/1748-0221/8/04/P04013",
      eprint         = "1211.4462",
      archivePrefix  = "arXiv",
      primaryClass   = "hep-ex",
      reportNumber   = "CMS-BTV-12-001, CERN-PH-EP-2012-262",
      SLACcitation   = "%%CITATION = ARXIV:1211.4462;%%"
}
@article{CMS-DP-2014-015,
      title         = "{Tau ID Performance Plots}",
      month         = "Apr",
      year          = "2014",
      reportNumber  = "CMS-DP-2014-015",
      url           = "https://cds.cern.ch/record/1704439",
}
